% Use this file for citations not found in the ACL Anthology (contained in "anthology.bib").

@article{ruis2020benchmark,
	title={A Benchmark for Systematic Generalization in Grounded Language Understanding},
	author={Ruis, Laura and Andreas, Jacob and Baroni, Marco and Bouchacourt, Diane and Lake, Brenden M},
	journal={Advances in Neural Information Processing Systems},
	volume={33},
	year={2020}
}

@inproceedings{andreas2017modular,
	title={Modular multitask reinforcement learning with policy sketches},
	author={Andreas, Jacob and Klein, Dan and Levine, Sergey},
	booktitle={International Conference on Machine Learning},
	pages={166--175},
	year={2017},
	organization={PMLR}
}

@article{Kuo2020EncodingFA,
	title={Encoding formulas as deep networks: Reinforcement learning for zero-shot execution of LTL formulas},
	author={Yen-Ling Kuo and B. Katz and A. Barbu},
	journal={2020 IEEE/RSJ International Conference on Intelligent Robots and Systems (IROS)},
	year={2020},
	pages={5604-5610}
}

@inproceedings{Lu2019ViLBERTPT,
	title={ViLBERT: Pretraining Task-Agnostic Visiolinguistic Representations for Vision-and-Language Tasks},
	author={Jiasen Lu and Dhruv Batra and D. Parikh and Stefan Lee},
	booktitle={NeurIPS},
	year={2019}
}

@article{Hao2020TowardsLA,
	title={Towards Learning a Generic Agent for Vision-and-Language Navigation via Pre-Training},
	author={Weituo Hao and C. Li and Xiujun Li and L. Carin and Jianfeng Gao},
	journal={2020 IEEE/CVF Conference on Computer Vision and Pattern Recognition (CVPR)},
	year={2020},
	pages={13134-13143}
}

@InProceedings{roma2019,
	author = {Patel, Roma and Pavlick, Roma and Tellex, Stefanie},
	booktitle = {NAACL 2019},
	series = {SpLU  RoboNLP Workshop},
	title = {Learning to Ground Language to Temporal Logical Form},
	year = {2019}
}